@book{fftbook1,
    author = {Robert W. Ramirez},
    title = {The Fft, Fundamentals and Concepts},
    publisher = {Prentice Hall},
    year = {1984},
    edition = {1st}
}

@online{wiki,
  title={Fast Fourier transform},
  author={Wikipedia},
  year={2024},
  url={https://en.wikipedia.org/wiki/Fast_Fourier_transform},
  note={Accessed: March 9, 2024}
}

@online{cp_algo,
  title={Fast Fourier transform},
  author={CP Algorithms},
  year={2024},
  url={https://cp-algorithms.com/algebra/fft.html},
  note={Accessed: March 7, 2024}
}

@online{matlab,
  title={Fast Fourier transform},
  author={MATLAB},
  year={2024},
  url={https://www.mathworks.com/help/matlab/ref/fft.html},
  note={Accessed: March 9, 2024}
}

@online{cf_1,
  title={FFT [Tutorial]},
  author={TÃ¤hvend Uustalu},
  year={2023},
  url={https://codeforces.com/blog/entry/111371},
  note={Accessed: March 8, 2024}
}

@online{cf_2,
  title={Yet Another String Matching Problem},
  author={Mikhail Piklyaev},
  year={2018},
  url={https://codeforces.com/blog/entry/58519},
  note={Accessed: March 8, 2024}
}